% This file was created with JabRef 2.10.
% Encoding: UTF-8

%%
%% NS Learning
%%

% NS-CL
@inproceedings{Mao2019NeuroSymbolic,
	title={{The Neuro-Symbolic Concept Learner: Interpreting Scenes, Words, and Sentences From Natural Supervision}},
	author={Mao, Jiayuan and Gan, Chuang and Kohli, Pushmeet and Tenenbaum, Joshua B. and Wu, Jiajun},
	booktitle={International Conference on Learning Representations},
	year={2019},
	url={https://openreview.net/forum?id=rJgMlhRctm}
}

% CLEVRER
@article{yi2019clevrer,
  title={Clevrer: Collision events for video representation and reasoning},
  author={Yi, Kexin and Gan, Chuang and Li, Yunzhu and Kohli, Pushmeet and Wu, Jiajun and Torralba, Antonio and Tenenbaum, Joshua B},
  journal={arXiv preprint arXiv:1910.01442},
  year={2019}
}

% Dynamic NS-CL
@article{chen2021grounding,
  title={Grounding physical concepts of objects and events through dynamic visual reasoning},
  author={Chen, Zhenfang and Mao, Jiayuan and Wu, Jiajun and Wong, Kwan-Yee Kenneth and Tenenbaum, Joshua B and Gan, Chuang},
  journal={arXiv preprint arXiv:2103.16564},
  year={2021}
}

% Dong and Lapata 2016
@inproceedings{dong2016language,
  title={Language to Logical Form with Neural Attention},
  author={Dong, Li and Lapata, Mirella},
  booktitle={Proceedings of the 54th Annual Meeting of the Association for Computational Linguistics (Volume 1: Long Papers)},
  pages={33--43},
  year={2016}
}

@article{williams1992simple,
  title={Simple statistical gradient-following algorithms for connectionist reinforcement learning},
  author={Williams, Ronald J},
  journal={Machine learning},
  volume={8},
  number={3-4},
  pages={229--256},
  year={1992},
  publisher={Springer}
}

% Gumble softmax
@article{jang2016categorical,
  title={Categorical reparameterization with gumbel-softmax},
  author={Jang, Eric and Gu, Shixiang and Poole, Ben},
  journal={arXiv preprint arXiv:1611.01144},
  year={2016}
}

%%
%% Robot Program Learning
%%

% Disentangled Action Learning. 
@inproceedings{hristov2020disentangled,
  title={Disentangled relational representations for explaining and learning from demonstration},
  author={Hristov, Yordan and Angelov, Daniel and Burke, Michael and Lascarides, Alex and Ramamoorthy, Subramanian},
  booktitle={Conference on Robot Learning},
  pages={870--884},
  year={2020},
  organization={PMLR}
}

% Prospection UWash
@inproceedings{paxton2019prospection,
  title={Prospection: Interpretable plans from language by predicting the future},
  author={Paxton, Chris and Bisk, Yonatan and Thomason, Jesse and Byravan, Arunkumar and Fox, Dieter},
  booktitle={2019 International Conference on Robotics and Automation (ICRA)},
  pages={6942--6948},
  year={2019},
  organization={IEEE}
}

% Neural Task Graphs
@inproceedings{huang2019neural,
  title={Neural task graphs: Generalizing to unseen tasks from a single video demonstration},
  author={Huang, De-An and Nair, Suraj and Xu, Danfei and Zhu, Yuke and Garg, Animesh and Fei-Fei, Li and Savarese, Silvio and Niebles, Juan Carlos},
  booktitle={Proceedings of the IEEE/CVF Conference on Computer Vision and Pattern Recognition},
  pages={8565--8574},
  year={2019}
}

% Task and Motion Planning
@inproceedings{kaelbling2010hierarchical,
  title={Hierarchical planning in the now},
  author={Kaelbling, Leslie Pack and Lozano-P{\'e}rez, Tom{\'a}s},
  booktitle={Workshops at the Twenty-Fourth AAAI Conference on Artificial Intelligence},
  year={2010}
}

% Task and Motion Planning - Using Scene Graphs
@article{zhu2020hierarchical,
  title={Hierarchical Planning for Long-Horizon Manipulation with Geometric and Symbolic Scene Graphs},
  author={Zhu, Yifeng and Tremblay, Jonathan and Birchfield, Stan and Zhu, Yuke},
  journal={arXiv preprint arXiv:2012.07277},
  year={2020}
}


%%
%% Action/Skill learning in Robotics
%%

% Neuro-symbolic learning of action models
@inproceedings{xia2018learning,
  title={Learning sparse relational transition models},
  author={Xia, Victoria and Wang, Zi and Allen, Kelsey and Silver, Tom and Kaelbling, Leslie Pack},
  booktitle={International Conference on Learning Representations},
  year={2018}
}

% Symbolic: Learning Planning Rules
@inproceedings{zettlemoyer2005learning,
  title={Learning planning rules in noisy stochastic worlds},
  author={Zettlemoyer, Luke S and Pasula, Hanna and Kaelbling, Leslie Pack},
  booktitle={AAAI},
  pages={911--918},
  year={2005}
}

% Skill Learning
@article{konidaris2018skills,
  title={From skills to symbols: Learning symbolic representations for abstract high-level planning},
  author={Konidaris, George and Kaelbling, Leslie Pack and Lozano-Perez, Tomas},
  journal={Journal of Artificial Intelligence Research},
  volume={61},
  pages={215--289},
  year={2018}
}

% Pouring related skill learning
@article{wang2021learning,
  title={Learning compositional models of robot skills for task and motion planning},
  author={Wang, Zi and Garrett, Caelan Reed and Kaelbling, Leslie Pack and Lozano-P{\'e}rez, Tom{\'a}s},
  journal={The International Journal of Robotics Research},
  volume={40},
  number={6-7},
  pages={866--894},
  year={2021},
  publisher={SAGE Publications Sage UK: London, England}
}

% Classic PDDL Robot Assembly
@inproceedings{knepper2013ikeabot,
  title={Ikeabot: An autonomous multi-robot coordinated furniture assembly system},
  author={Knepper, Ross A and Layton, Todd and Romanishin, John and Rus, Daniela},
  booktitle={2013 IEEE International conference on robotics and automation},
  pages={855--862},
  year={2013},
  organization={IEEE}
}

% Cognitive Science: Robot Program Learning
@article{lazaro2019beyond,
  title={Beyond imitation: Zero-shot task transfer on robots by learning concepts as cognitive programs},
  author={L{\'a}zaro-Gredilla, Miguel and Lin, Dianhuan and Guntupalli, J Swaroop and George, Dileep},
  journal={Science Robotics},
  volume={4},
  number={26},
  year={2019},
  publisher={Science Robotics}
}

% LTL task specifications
@inproceedings{shah2020interactive,
  title={Interactive Robot Training for Temporal Tasks},
  author={Shah, Ankit and Shah, Julie},
  booktitle={Companion of the 2020 ACM/IEEE International Conference on Human-Robot Interaction},
  pages={603--605},
  year={2020}
}

@article{shah2018bayesian,
  title={Bayesian inference of temporal task specifications from demonstrations},
  author={Shah, Ankit Jayesh and Kamath, Pritish and Li, Shen and Shah, Julie A},
  year={2018},
  publisher={Neural Information Processing Systems Foundation, Inc.}
}


%%
%% Langauge Grounding
%%
@inproceedings{howard2014natural,
  title={A natural language planner interface for mobile manipulators},
  author={Howard, Thomas M and Tellex, Stefanie and Roy, Nicholas},
  booktitle={2014 IEEE International Conference on Robotics and Automation (ICRA)},
  pages={6652--6659},
  year={2014},
  organization={IEEE}
}

% ADCG paper
@inproceedings{paul2016efficient,
  title={Efficient grounding of abstract spatial concepts for natural language interaction with robot manipulators},
  author={Paul, Rohan and Arkin, Jacob and Roy, Nicholas and M Howard, Thomas},
  year={2016},
  booktitle={Robotics: Science and Systems Foundation}
}
% Temporal Grounding Graphs
@article{paul2018temporal,
  title={Temporal grounding graphs for language understanding with accrued visual-linguistic context},
  author={Paul, Rohan and Barbu, Andrei and Felshin, Sue and Katz, Boris and Roy, Nicholas},
  journal={arXiv preprint arXiv:1811.06966},
  year={2018}
}
% Referring expressions
@inproceedings{roy2019leveraging,
  title={Leveraging past references for robust language grounding},
  author={Roy, Subhro and Noseworthy, Michael and Paul, Rohan and Park, Daehyung and Roy, Nicholas},
  booktitle={Proceedings of the 23rd Conference on Computational Natural Language Learning (CoNLL)},
  pages={430--440},
  year={2019}
}

%%
%% Program Learning Applications
%%

% Program Induction: Box Priors
@article{li2020multi,
  title={Multi-Plane Program Induction with 3D Box Priors},
  author={Li, Yikai and Mao, Jiayuan and Zhang, Xiuming and Freeman, Bill and Tenenbaum, Josh and Snavely, Noah and Wu, Jiajun},
  journal={arXiv preprint arXiv:2011.10007},
  year={2020}
}

% NS-VQA
@article{yi2018neural,
  title={Neural-symbolic vqa: Disentangling reasoning from vision and language understanding},
  author={Yi, Kexin and Wu, Jiajun and Gan, Chuang and Torralba, Antonio and Kohli, Pushmeet and Tenenbaum, Joshua B},
  journal={arXiv preprint arXiv:1810.02338},
  year={2018}
}

% Learning Motion Programs
@article{kulal2021hierarchical,
  title={Hierarchical Motion Understanding via Motion Programs},
  author={Kulal, Sumith and Mao, Jiayuan and Aiken, Alex and Wu, Jiajun},
  journal={arXiv preprint arXiv:2104.11216},
  year={2021}
}

@inproceedings{park2020inferring,
  title={Inferring task goals and constraints using bayesian nonparametric inverse reinforcement learning},
  author={Park, Daehyung and Noseworthy, Michael and Paul, Rohan and Roy, Subhro and Roy, Nicholas},
  booktitle={Conference on Robot Learning},
  pages={1005--1014},
  year={2020},
  organization={PMLR}
}

% Cliport modular reasoning
@inproceedings{shridhar2022cliport,
  title={Cliport: What and where pathways for robotic manipulation},
  author={Shridhar, Mohit and Manuelli, Lucas and Fox, Dieter},
  booktitle={Conference on Robot Learning},
  pages={894--906},
  year={2022},
  organization={PMLR}
}

% Pure Symbolic Grounding

@inproceedings{matuszek2013learning,
  title={Learning to parse natural language commands to a robot control system},
  author={Matuszek, Cynthia and Herbst, Evan and Zettlemoyer, Luke and Fox, Dieter},
  booktitle={Experimental robotics},
  pages={403--415},
  year={2013},
  organization={Springer}
}

@inproceedings{gopalan2018sequence,
  title={Sequence-to-Sequence Language Grounding of Non-Markovian Task Specifications.},
  author={Gopalan, Nakul and Arumugam, Dilip and Wong, Lawson LS and Tellex, Stefanie},
  booktitle={Robotics: Science and Systems},
  volume={2018},
  year={2018}
}


@article{misra2016tell,
  title={Tell me dave: Context-sensitive grounding of natural language to manipulation instructions},
  author={Misra, Dipendra K and Sung, Jaeyong and Lee, Kevin and Saxena, Ashutosh},
  journal={The International Journal of Robotics Research},
  volume={35},
  number={1-3},
  pages={281--300},
  year={2016},
  publisher={SAGE Publications Sage UK: London, England}
}

@article{zeng2020transporter,
  title={Transporter networks: Rearranging the visual world for robotic manipulation},
  author={Zeng, Andy and Florence, Pete and Tompson, Jonathan and Welker, Stefan and Chien, Jonathan and Attarian, Maria and Armstrong, Travis and Krasin, Ivan and Duong, Dan and Sindhwani, Vikas and others},
  journal={arXiv preprint arXiv:2010.14406},
  year={2020}
}

@inproceedings{silver2020few,
  title={Few-shot bayesian imitation learning with logical program policies},
  author={Silver, Tom and Allen, Kelsey R and Lew, Alex K and Kaelbling, Leslie Pack and Tenenbaum, Josh},
  booktitle={Proceedings of the AAAI Conference on Artificial Intelligence},
  volume={34},
  number={06},
  pages={10251--10258},
  year={2020}
}

@article{tellex2011approaching,
  title={Approaching the symbol grounding problem with probabilistic graphical models},
  author={Tellex, Stefanie and Kollar, Thomas and Dickerson, Steven and Walter, Matthew R and Banerjee, Ashis Gopal and Teller, Seth and Roy, Nicholas},
  journal={AI magazine},
  volume={32},
  number={4},
  pages={64--76},
  year={2011}
}

@inproceedings{williams2018learning,
  title={Learning to parse natural language to grounded reward functions with weak supervision},
  author={Williams, Edward C and Gopalan, Nakul and Rhee, Mine and Tellex, Stefanie},
  booktitle={2018 IEEE International Conference on Robotics and Automation (ICRA)},
  pages={4430--4436},
  year={2018},
  organization={IEEE}
}

@article{kress2008translating,
  title={Translating structured english to robot controllers},
  author={Kress-Gazit, Hadas and Fainekos, Georgios E and Pappas, George J},
  journal={Advanced Robotics},
  volume={22},
  number={12},
  pages={1343--1359},
  year={2008},
  publisher={Taylor \& Francis}
}

@article{wang2020learning,
  title={Learning a natural-language to LTL executable semantic parser for grounded robotics},
  author={Wang, Christopher and Ross, Candace and Kuo, Yen-Ling and Katz, Boris and Barbu, Andrei},
  journal={arXiv preprint arXiv:2008.03277},
  year={2020}
}

@inproceedings{tenorth2010understanding,
  title={Understanding and executing instructions for everyday manipulation tasks from the world wide web},
  author={Tenorth, Moritz and Nyga, Daniel and Beetz, Michael},
  booktitle={2010 ieee international conference on robotics and automation},
  pages={1486--1491},
  year={2010},
  organization={IEEE}
}

@inproceedings{lisca2015towards,
  title={Towards robots conducting chemical experiments},
  author={Lisca, Gheorghe and Nyga, Daniel and B{\'a}lint-Bencz{\'e}di, Ferenc and Langer, Hagen and Beetz, Michael},
  booktitle={2015 IEEE/RSJ International Conference on Intelligent Robots and Systems (IROS)},
  pages={5202--5208},
  year={2015},
  organization={IEEE}
}


@inproceedings{zhu2021hierarchical,
  title={Hierarchical planning for long-horizon manipulation with geometric and symbolic scene graphs},
  author={Zhu, Yifeng and Tremblay, Jonathan and Birchfield, Stan and Zhu, Yuke},
  booktitle={2021 IEEE International Conference on Robotics and Automation (ICRA)},
  pages={6541--6548},
  year={2021},
  organization={IEEE}
}


@inproceedings{andreas2016neural,
  title={Neural module networks},
  author={Andreas, Jacob and Rohrbach, Marcus and Darrell, Trevor and Klein, Dan},
  booktitle={Proceedings of the IEEE conference on computer vision and pattern recognition},
  pages={39--48},
  year={2016}
}
@inproceedings{sutton2000offlinesearch,
 author = {Sutton, Richard S and McAllester, David and Singh, Satinder and Mansour, Yishay},
 booktitle = {Advances in Neural Information Processing Systems},
 editor = {S. Solla and T. Leen and K. M\"{u}ller},
 pages = {},
 publisher = {MIT Press},
 title = {Policy Gradient Methods for Reinforcement Learning with Function Approximation},
 url = {https://proceedings.neurips.cc/paper/1999/file/464d828b85b0bed98e80ade0a5c43b0f-Paper.pdf},
 volume = {12},
 year = {1999}
}

@inproceedings{dhamo2020_SIMSG,
  title={Semantic Image Manipulation Using Scene Graphs},
  author={Dhamo, Helisa and Farshad, Azade and Laina, Iro and Navab, Nassir and
          Hager, Gregory D. and Tombari, Federico and Rupprecht, Christian},
  booktitle={CVPR},
  year={2020}
  }
  
  @inproceedings{williams1987class,
  title={A class of gradient-estimation algorithms for reinforcement learning in neural networks},
  author={Williams, R},
  booktitle={Proceedings of the International Conference on Neural Networks},
  pages={II--601},
  year={1987}
}

@inproceedings{redmon2016you,
  title={You only look once: Unified, real-time object detection},
  author={Redmon, Joseph and Divvala, Santosh and Girshick, Ross and Farhadi, Ali},
  booktitle={Proceedings of the IEEE conference on computer vision and pattern recognition},
  pages={779--788},
  year={2016}
}

@article{targ2016resnet,
  title={Resnet in resnet: Generalizing residual architectures},
  author={Targ, Sasha and Almeida, Diogo and Lyman, Kevin},
  journal={arXiv preprint arXiv:1603.08029},
  year={2016}
}

@inproceedings{
wang2023programmatically,
title={Programmatically Grounded, Compositionally Generalizable Robotic Manipulation},
author={Renhao Wang and Jiayuan Mao and Joy Hsu and Hang Zhao and Jiajun Wu and Yang Gao},
booktitle={The Eleventh International Conference on Learning Representations },
year={2023},
url={https://openreview.net/forum?id=rZ-wylY5VI}
}

@article{lstm,
  author      = {Sepp Hochreiter and Jürgen Schmidhuber},
  journal     = {Neural Computation},
  title       = {Long Short-Term Memory},
  year        = {1997},
  optdoi      = {10.1162/neco.1997.9.8.1735},
  opteprint   = {http://dx.doi.org/10.1162/neco.1997.9.8.1735},
  opturl      = {http://dx.doi.org/10.1162/neco.1997.9.8.1735}
}


@misc{clip,
  doi = {10.48550/ARXIV.2103.00020},
  
  url = {https://arxiv.org/abs/2103.00020},
  
  author = {Radford, Alec and Kim, Jong Wook and Hallacy, Chris and Ramesh, Aditya and Goh, Gabriel and Agarwal, Sandhini and Sastry, Girish and Askell, Amanda and Mishkin, Pamela and Clark, Jack and Krueger, Gretchen and Sutskever, Ilya},
  
  keywords = {Computer Vision and Pattern Recognition (cs.CV), Machine Learning (cs.LG), FOS: Computer and information sciences, FOS: Computer and information sciences},
  
  title = {Learning Transferable Visual Models From Natural Language Supervision},
  
  publisher = {arXiv},
  
  year = {2021},
  
  copyright = {arXiv.org perpetual, non-exclusive license}
}


@misc{ transporter,
  doi = {10.48550/ARXIV.2010.14406},
  
  url = {https://arxiv.org/abs/2010.14406},
  
  author = {Zeng, Andy and Florence, Pete and Tompson, Jonathan and Welker, Stefan and Chien, Jonathan and Attarian, Maria and Armstrong, Travis and Krasin, Ivan and Duong, Dan and Wahid, Ayzaan and Sindhwani, Vikas and Lee, Johnny},
  
  keywords = {Robotics (cs.RO), FOS: Computer and information sciences, FOS: Computer and information sciences},
  
  title = {Transporter Networks: Rearranging the Visual World for Robotic Manipulation},
  
  publisher = {arXiv},
  
  year = {2020},
  
  copyright = {arXiv.org perpetual, non-exclusive license}
}

@ARTICLE{ssim2004,
  author={Zhou Wang and Bovik, A.C. and Sheikh, H.R. and Simoncelli, E.P.},
  journal={IEEE Transactions on Image Processing}, 
  title={Image quality assessment: from error visibility to structural similarity}, 
  year={2004},
  volume={13},
  number={4},
  pages={600-612},
  doi={10.1109/TIP.2003.819861}}


% Classical Planning Works

@inproceedings{bercher2014plan,
  title={Plan, repair, execute, explain—how planning helps to assemble your home theater},
  author={Bercher, Pascal and Biundo, Susanne and Geier, Thomas and Hoernle, Thilo and Nothdurft, Florian and Richter, Felix and Schattenberg, Bernd},
  booktitle={Proceedings of the International Conference on Automated Planning and Scheduling},
  volume={24},
  pages={386--394},
  year={2014}
}

@inproceedings{saetti2022optimising,
  title={Optimising the Stability in Plan Repair via Compilation},
  author={Saetti, Alessandro and Scala, Enrico},
  booktitle={Proceedings of the International Conference on Automated Planning and Scheduling},
  volume={32},
  pages={316--320},
  year={2022}
}

@inproceedings{fox2006plan,
  title={Plan Stability: Replanning versus Plan Repair.},
  author={Fox, Maria and Gerevini, Alfonso and Long, Derek and Serina, Ivan},
  booktitle={ICAPs},
  volume={6},
  pages={212--221},
  year={2006}
}


% RL-based skill learning
@inproceedings{rana2023residual,
  title={Residual skill policies: Learning an adaptable skill-based action space for reinforcement learning for robotics},
  author={Rana, Krishan and Xu, Ming and Tidd, Brendan and Milford, Michael and S{\"u}nderhauf, Niko},
  booktitle={Conference on Robot Learning},
  pages={2095--2104},
  year={2023},
  organization={PMLR}
}
@inproceedings{kumar2023graph,
  title={Graph inverse reinforcement learning from diverse videos},
  author={Kumar, Sateesh and Zamora, Jonathan and Hansen, Nicklas and Jangir, Rishabh and Wang, Xiaolong},
  booktitle={Conference on Robot Learning},
  pages={55--66},
  year={2023},
  organization={PMLR}
}

@article{ebert2018visual,
  title={Visual foresight: Model-based deep reinforcement learning for vision-based robotic control},
  author={Ebert, Frederik and Finn, Chelsea and Dasari, Sudeep and Xie, Annie and Lee, Alex and Levine, Sergey},
  journal={arXiv preprint arXiv:1812.00568},
  year={2018}
}

% RL-based long-horizon planning
@inproceedings{li2020towards,
  title={Towards practical multi-object manipulation using relational reinforcement learning},
  author={Li, Richard and Jabri, Allan and Darrell, Trevor and Agrawal, Pulkit},
  booktitle={2020 ieee international conference on robotics and automation (icra)},
  pages={4051--4058},
  year={2020},
  organization={IEEE}
}
@article{wu2019imagine,
  title={Imagine that! Leveraging emergent affordances for 3D tool synthesis},
  author={Wu, Yizhe and Kasewa, Sudhanshu and Groth, Oliver and Salter, Sasha and Sun, Li and Jones, Oiwi Parker and Posner, Ingmar},
  journal={arXiv preprint arXiv:1909.13561},
  year={2019}
}

% RL + Symbolic Recovery
@article{vatsefficient,
  title={Efficient Recovery Learning using Model Predictive Meta-Reasoning},
  author={Vats, Shivam and Likhachev, Maxim and Kroemer, Oliver}
}

@inproceedings{ryu2022confidence,
  title={Confidence-Based Robot Navigation Under Sensor Occlusion with Deep Reinforcement Learning},
  author={Ryu, Hyeongyeol and Yoon, Minsung and Park, Daehyung and Yoon, Sung-Eui},
  booktitle={2022 International Conference on Robotics and Automation (ICRA)},
  pages={8231--8237},
  year={2022},
  organization={IEEE}
}

@article{thananjeyan2021recovery,
  title={Recovery rl: Safe reinforcement learning with learned recovery zones},
  author={Thananjeyan, Brijen and Balakrishna, Ashwin and Nair, Suraj and Luo, Michael and Srinivasan, Krishnan and Hwang, Minho and Gonzalez, Joseph E and Ibarz, Julian and Finn, Chelsea and Goldberg, Ken},
  journal={IEEE Robotics and Automation Letters},
  volume={6},
  number={3},
  pages={4915--4922},
  year={2021},
  publisher={IEEE}
}

@inproceedings{bagaria2020option,
  title={Option discovery using deep skill chaining},
  author={Bagaria, Akhil and Konidaris, George},
  booktitle={International Conference on Learning Representations},
  year={2020}
}

% Error Recovery in Task and Motion Planning
@inproceedings{sung2023learning,
  title={Learning to Correct Mistakes: Backjumping in Long-Horizon Task and Motion Planning},
  author={Sung, Yoonchang and Wang, Zizhao and Stone, Peter},
  booktitle={Conference on Robot Learning},
  pages={2115--2124},
  year={2023},
  organization={PMLR}
}
@techreport{molnar2023using,
  title={Using Metareasoning on a Mobile Ground Robot to Recover from Path Planning Failures},
  author={Molnar, Sidney and Mueller, Matt and Macpherson, Robert and Rhoads, Lawrence and Herrmann, Jeffrey W},
  year={2023}
}

% NS-Planning
@article{belta2007symbolic,
  title={Symbolic planning and control of robot motion [grand challenges of robotics]},
  author={Belta, Calin and Bicchi, Antonio and Egerstedt, Magnus and Frazzoli, Emilio and Klavins, Eric and Pappas, George J},
  journal={IEEE Robotics \& Automation Magazine},
  volume={14},
  number={1},
  pages={61--70},
  year={2007},
  publisher={IEEE}
}

% NSRM
@article{Kalithasan2022LearningNP,
  title={Learning Neuro-symbolic Programs for Language Guided Robot Manipulation},
  author={Namasivayam Kalithasan and Himanshu Gaurav Singh and Vishal Bindal and Arnav Tuli and Vishwajeet Agrawal and Rahul Jain and Parag Singla and Rohan Paul},
  journal={ArXiv},
  year={2022},
  volume={abs/2211.06652}
}

@article{Mao2019TheNC,
  title={The Neuro-Symbolic Concept Learner: Interpreting Scenes Words and Sentences from Natural Supervision},
  author={Jiayuan Mao and Chuang Gan and Pushmeet Kohli and Joshua B. Tenenbaum and Jiajun Wu},
  journal={ArXiv},
  year={2019},
  volume={abs/1904.12584}
}


% PD sketch
@article{mao2022pdsketch,
  title={PDSketch: Integrated Domain Programming, Learning, and Planning},
  author={Mao, Jiayuan and Lozano-P{\'e}rez, Tom{\'a}s and Tenenbaum, Josh and Kaelbling, Leslie},
  journal={Advances in Neural Information Processing Systems},
  volume={35},
  pages={36972--36984},
  year={2022}
}

% Regression planning networks
@article{xu2019regression,
  title={Regression planning networks},
  author={Xu, Danfei and Mart{\'\i}n-Mart{\'\i}n, Roberto and Huang, De-An and Zhu, Yuke and Savarese, Silvio and Fei-Fei, Li F},
  journal={Advances in Neural Information Processing Systems},
  volume={32},
  year={2019}
}

% Neural Task Graphs
@inproceedings{huang2019neural,
  title={Neural task graphs: Generalizing to unseen tasks from a single video demonstration},
  author={Huang, De-An and Nair, Suraj and Xu, Danfei and Zhu, Yuke and Garg, Animesh and Fei-Fei, Li and Savarese, Silvio and Niebles, Juan Carlos},
  booktitle={Proceedings of the IEEE/CVF conference on computer vision and pattern recognition},
  pages={8565--8574},
  year={2019}
}


% Other Domain Specific Efforts
@article{galbally2022elly,
  title={Elly: A Real-Time Failure Recovery and Data Collection System for Robotic Manipulation},
  author={Galbally, Elena and Piedra, Adrian and Brosque, Cynthia and Khatib, Oussama},
  journal={arXiv preprint arXiv:2208.11845},
  year={2022}
}

@article{sundaresan2021untangling,
  title={Untangling dense non-planar knots by learning manipulation features and recovery policies},
  author={Sundaresan, Priya and Grannen, Jennifer and Thananjeyan, Brijen and Balakrishna, Ashwin and Ichnowski, Jeffrey and Novoseller, Ellen and Hwang, Minho and Laskey, Michael and Gonzalez, Joseph E and Goldberg, Ken},
  journal={arXiv preprint arXiv:2107.08942},
  year={2021}
}
@article{sharma2022correcting,
  title={Correcting robot plans with natural language feedback},
  author={Sharma, Pratyusha and Sundaralingam, Balakumar and Blukis, Valts and Paxton, Chris and Hermans, Tucker and Torralba, Antonio and Andreas, Jacob and Fox, Dieter},
  journal={arXiv preprint arXiv:2204.05186},
  year={2022}
}
@article{knepper2015recovering,
  title={Recovering from failure by asking for help},
  author={Knepper, Ross A and Tellex, Stefanie and Li, Adrian and Roy, Nicholas and Rus, Daniela},
  journal={Autonomous Robots},
  volume={39},
  pages={347--362},
  year={2015},
  publisher={Springer}
}

@inproceedings{li2021reactive,
  title={Reactive task and motion planning under temporal logic specifications},
  author={Li, Shen and Park, Daehyung and Sung, Yoonchang and Shah, Julie A and Roy, Nicholas},
  booktitle={2021 IEEE International Conference on Robotics and Automation (ICRA)},
  pages={12618--12624},
  year={2021},
  organization={IEEE}
}


% Explaining 
@inproceedings{raman2013towards,
  title={Towards minimal explanations of unsynthesizability for high-level robot behaviors},
  author={Raman, Vasumathi and Kress-Gazit, Hadas},
  booktitle={2013 IEEE/RSJ International Conference on Intelligent Robots and Systems},
  pages={757--762},
  year={2013},
  organization={IEEE}
}
@article{raman2014unsynthesizable,
  title={Unsynthesizable Cores-Minimal Explanations for Unsynthesizable High-Level Robot Behaviors},
  author={Raman, Vasumathi and Kress-Gazit, Hadas},
  journal={arXiv preprint arXiv:1409.1455},
  year={2014}
}

@inproceedings{banerjee2021robotslang,
  title={The RobotSlang benchmark: Dialog-guided robot localization and navigation},
  author={Banerjee, Shurjo and Thomason, Jesse and Corso, Jason},
  booktitle={Conference on Robot Learning},
  pages={1384--1393},
  year={2021},
  organization={PMLR}
}

@inproceedings{kim2018learning,
  title={Learning to infer final plans in human team planning},
  author={Kim, Joseph and Woicik, Matthew E and Gombolay, Matthew C and Son, Sung-Hyun and Shah, Julie A},
  year={2018},
  organization={International Joint Conferences on Artificial Intelligence}
}

@article{griffiths2019doing,
  title={Doing more with less: meta-reasoning and meta-learning in humans and machines},
  author={Griffiths, Thomas L and Callaway, Frederick and Chang, Michael B and Grant, Erin and Krueger, Paul M and Lieder, Falk},
  journal={Current Opinion in Behavioral Sciences},
  volume={29},
  pages={24--30},
  year={2019},
  publisher={Elsevier}
}


@article{liu2022structdiffusion,
  title={StructDiffusion: Object-centric diffusion for semantic rearrangement of novel objects},
  author={Liu, Weiyu and Hermans, Tucker and Chernova, Sonia and Paxton, Chris},
  journal={arXiv preprint arXiv:2211.04604},
  year={2022}
}

@article{haddadin2022franka,
  title={The franka emika robot: A reference platform for robotics research and education},
  author={Haddadin, Sami and Parusel, Sven and Johannsmeier, Lars and Golz, Saskia and Gabl, Simon and Walch, Florian and Sabaghian, Mohamadreza and J{\"a}hne, Christoph and Hausperger, Lukas and Haddadin, Simon},
  journal={IEEE Robotics \& Automation Magazine},
  volume={29},
  number={2},
  pages={46--64},
  year={2022},
  publisher={IEEE}
}

@inproceedings{Vaswani2017AttentionIA,
  title={Attention is All you Need},
  author={Ashish Vaswani and Noam M. Shazeer and Niki Parmar and Jakob Uszkoreit and Llion Jones and Aidan N. Gomez and Lukasz Kaiser and Illia Polosukhin},
  booktitle={NIPS},
  year={2017}
}